@article{Hart73,
  title={Pattern Classification and Scene Analysis},
  author={R. O. Duda and P. E. Hart.},
  journal={Wiley, New York},
  year={1973},
  publisher={Wiley, New York}
}

@article{rousseeuw90,
  title={Finding Groups in Data. An Introduction to Cluster Analysis.},
  author={L. Kaufman and P. J. Rousseeuw.},
  journal={Wiley-Interscience, New York},
  year={1990},
  publisher={Wiley, New York}
}

@article{rousseeuw87,
  title={Silhouettes: A graphical aid to the interpretation and validation of cluster analysis.},
  author={P. J. Rousseeuw.},
  journal={Journal of Computational and Applied Mathematics},
  year={1987}
}

@article{Calinski1974,
  title={A dendrite method for cluster analysis.},
  author={T. Calinski and J. Harabasz},
  journal={Communications in Statistics},
  year={1974},
}

@article{Michalski2013ml,
  title={Machine learning: An artificial intelligence approach},
  author={R. S. Michalski, J. G. Carbonell, and T. M. Mitchell},
  journal={Springer Science \& Business Media},
  year={2013},
  publisher={Springer}
}

@article{milligan85,
  title={Examination of procedures for determining the number of clusters in a data set.},
  author={G. W. Milligan and M. C. Cooper. A},
  journal={Psychometrica},
  year={1985},
  publisher={Psychometrica}
}

@article{hennig15,
  title={Recovering the number of clusters in data sets with noise features using feature rescaling factors.},
  author={R.C. de Amorim, C. Hennig},
  journal={Information Sciences},
  year={2015}
}

@article{tibshirani01,
  title={Estimating the number of clusters in a dataset via the gap statistic.},
  author={R. Tibshirani, G. Walther, and T. Hastie},
  journal={Standford University},
  year={2001}
}

@article{pham04,
  title={Selection of K in K-means clustering},
  author={D T Pham, S S Dimov, and C D Nguyen},
  journal={Manufacturing Engineering Centre, Cardiff University},
  year={2004}
}

@article{han00,
  title={Data  Mining:  Concepts  and Techniques},
  author={Han,  J. and Kamber,  M.},
  journal={Morgan  Kaufmann, San  Francisco, California},
  year={2000}
}

@article{daoud95,
  title={Fast K-means   clustering   algorithms.},
  author={Al-Daoud, M. B., Venkateswarlu, N. B., and Roberts,   S.   A.},
  journal={School  of  Computer  Studies,  University of Leeds},
  year={1995}
}

@article{daoud96,
  title={New  methods  for  the  initialisation  of clusters.},
  author={Al-Daoud, M. B., Venkateswarlu, N. B., and Roberts,   S.   A.},
  journal={Pattern  Recognition  Lett.},
  year={1996}
}

@article{ranka98,
  title={An   efficient K-means  clustering  algorithm.  },
  author={Alsabti,   K.,    Ranka,   S., and Singh,   V.},
  journal={In  Proceedings  of  the First   Workshop   on High-Performance   Data   Mining, Orlando, Florida},
  year={1998}
}

@article{bilmes97,
  title={Empirical observations of probabilistic heuristics for the clustering problem.},
  author={Bilmes,  J.,  Vahdat,  A.,  Hsu,  W., and Im,  E.  J.},
  journal={International    Computer   Science   Institute,   Berkeley, California.},
  year={1997}
}

@article{bengio95,
  title={Convergence properties of the K-means algorithm.},
  author={Bottou, L. and Bengio, Y.},
  journal={Adv. Neural Infn Processing Systems.},
  year={1995}
}

@article{hall02,
  title={Doing Statistics with SPSS},
  author={Kerr, A., Hall, H. K., and Kozub, S.},
  journal={Sage, London.},
  year={2002}
}

@article{hansen96,
  title={Unsupervised  learning and generalisation.},
  author={Hansen,  L.  K. and Larsen,  J.},
  journal={In Proceedings of the IEEE International Conference on Neural Networks},
  year={1996}
}

@article{bradly98,
  title={Refining initial points for K-means clustering.},
  author={Bradley, S. and Fayyad, U. M.},
  journal={Fifteenth   International   Conference   on Machine Learning, ICML'98},
  year={1998}
}

@article{ishioka00,
  title={K-means    with    an    efficient estimation  of  the  number  of  clusters.},
  author={Ishioka, T. Extended},
  journal={In  Proceedings of  the  Second  International  Conference  on Intelligent Data Engineering and Automated Learning},
  year={2000}
}
